<?xml version="1.0" encoding="UTF-8"?><record xmlns="http://www.loc.gov/MARC21/slim" xmlns:cinclude="http://apache.org/cocoon/include/1.0" xmlns:zs="http://www.loc.gov/zing/srw/">
  <leader>00398nz  a2200121n  4500</leader>
  <controlfield tag="001">n  89649723 </controlfield>
  <controlfield tag="003">DLC</controlfield>
  <controlfield tag="005">19890907102300.2</controlfield>
  <controlfield tag="008">890907n| acannaab|          |n aac |||  </controlfield>
  <datafield tag="010" ind1=" " ind2=" ">
    <subfield code="a">n  89649723 </subfield>
  </datafield>
  <datafield tag="040" ind1=" " ind2=" ">
    <subfield code="a">DLC</subfield>
    <subfield code="c">DLC</subfield>
  </datafield>
  <datafield tag="100" ind1="1" ind2="0">
    <subfield code="a">Sattārī, Jamshīd</subfield>
  </datafield>
  <datafield tag="670" ind1=" " ind2=" ">
    <subfield code="a">nuc89-82032: Koestler, A. Qabīlah-ʼi sīzdahum, 1982 or 1983</subfield>
    <subfield code="b">(hdg. on TxU rept.: Sattārī, Jamshīd; usage: Jamshīd Sattārī)</subfield>
  </datafield>
</record>